@FOOTNOTE{Note1,key="Note1",note="https://stackoverflow.com/questions/70556590/how-to-solve-for-eigen-value-of-a-matrix-numerically"}
@CONTROL{REVTEX41Control}
@CONTROL{apsrev41Control,author="08",editor="1",pages="0",title="",year="1"}
